@misc{berenstein2021bootstrapping,
      title={Bootstrapping Simple QM Systems}, 
      author={David Berenstein and George Hulsey},
      year={2021},
      eprint={2108.08757},
      archivePrefix={arXiv},
      primaryClass={hep-th}
}

@article{approxyukawa,
   title={Approximate Analytical Solution of the Yukawa Potential with Arbitrary Angular Momenta},
   volume={29},
   ISSN={1741-3540},
   url={http://dx.doi.org/10.1088/0256-307X/29/8/080302},
   DOI={10.1088/0256-307x/29/8/080302},
   number={8},
   journal={Chinese Physics Letters},
   publisher={IOP Publishing},
   author={Hamzavi, M. and Movahedi, M. and Thylwe, K.-E. and Rajabi, A. A.},
   year={2012},
   month={Aug},
   pages={080302}
}
